@book{koza92,
		author    = "Koza, John R.",
		title     = "Genetic Programming: On the Programming of Computers by Means of Natural Selection",
		publisher = "MIT Press",
		year      = "1992"
}


@misc{ wiki:latex,
       author = "Wikipedia",
       title = "LaTeX --- Wikipedia{,} La enciclopedia libre",
       year = "2015",
       url = "https://es.wikipedia.org/w/index.php?title=LaTeX&oldid=84209252",
       note = "[Internet; descargado 30-septiembre-2015]"
}

@misc{sueldoIIespa침a,
	author = {Glassdoor},
	title = {{S}ueldos para el puesto de {I}ngeniero {I}nform치tico en {E}spa침a},
	howpublished = {\url{https://www.glassdoor.es/Sueldos/ingeniero-inform%C3%A1tico-sueldo-SRCH_KO0,21.htm}},
	year = {},
	note = {[Accessed 16-06-2024]},
}

@misc{cc4,
	author = {},
	title = { {C}{C} {B}{Y}-{N}{C}-{S}{A} 4.0 {D}eed | {A}tribuci칩n-{N}o{C}omercial-{C}ompartir{I}gual 4.0 {I}nternacional | {C}reative {C}ommons  --- creativecommons.org},
	howpublished = {\url{https://creativecommons.org/licenses/by-nc-sa/4.0/deed.es}},
	year = {},
	note = {[Accessed 17-06-2024]},
}